@article{Yates10,
  author = {Jon Yates},
  title = {Data entry error wipes out life insurance coverage},
  journal = {Chicago Tribune},
  month = {December 2,},
  year = {2005},
  url = {http://articles.chicagotribune.com/2010-12-02/business/ct-biz-1202-problem-mcshane-20101202_1_prudential-employee-albuterol-nebulizer-funeral-procession},
}

@article{Grady13,
  author = {Barbara Grady},
  title = {Oakland Unified makes \$7.6{M} accounting error in budget;
  asking schools not to count on it},
  journal = {Oakland Local},
  hidemnth = {February},
  year = {2013},
  url = {http://oaklandlocal.com/article/oakland-unified-makes-76-million-accounting-error-budget-asking-schools-not-count-it},
}

@article{Robeznieks05,
  author = {Andis Robeznieks},
  title = {Data entry is a top cause of medication errors},
  journal = {American Medical News},
  hidemnth = {January},
  year = {2005},
  url = {http://www.amednews.com/article/20050124/profession/301249959/4},
}

@misc{eckerson2002,
    Author = {Wayne W. Eckerson},
    Howpublished = {\url{http://www.adtmag.com/article.asp?id=6321}},
    Title = {Data Warehousing Special Report: {Data} quality and the bottom line},
    Year = {2002}
}
    
@article{sakalerrors,
  title={Errors in Building and Using Electronic Tables: Financial Consequences and Minimisation Techniques},
  author={Marton Sakal and Lazar Rakovi{\'{c}}},
  longjournal={International Journal of Strategic Management and Decision Support Systems in Strategic Management},
  journal={Strategic Management},
  volume = {17},
  number = {3},
  year = {2012},
  pages={29--35},
}

@article{Samar2008,
  author    = {Vipin Samar and
               Sangeeta Patni},
  title     = {Controlling the Information Flow in Spreadsheets},
  journal   = {CoRR},
  volume    = {abs/0803.2527},
  year      = {2008},
  ee        = {http://arxiv.org/abs/0803.2527},
}


@article{Herring01,
  title = {Space-based Observation of the {Earth}},
  author = {David Herring and Michael King},
  journal = {Encyclopedia of Astronomy and Astrophysics},
  year = {2001},
  url = {http://earthobservatory.nasa.gov/Features/Observing/obs_4.php},
}


%% Data cleaning

@article{Fan2008,
 author = {Fan, Wenfei and Geerts, Floris and Jia, Xibei},
 title = {A Revival of Integrity Constraints for Data Cleaning},
 journal = {Proc. VLDB Endow.},
 issue_date = {August 2008},
 volume = {1},
 number = {2},
 month = aug,
 year = {2008},
 issn = {2150-8097},
 pages = {1522--1523},
 acmid = {1454220},
 hidepublisher = {VLDB Endowment},
}


@article{rahm00,
    author = {Rahm, Erhard, and Hong Hai Do.},
    title = {Data cleaning: Problems and current approaches},
    journal = {IEEE Data Engineering Bulletin},
    volume = {23},
    number = {4},
    pages = {3--13},
    year = {2000},   
}

@inproceedings{Raman01,
 author = {Raman, Vijayshankar and Hellerstein, Joseph M.},
 title = {Potter's Wheel: An Interactive Data Cleaning System},
 booktitle = {Proceedings of the 27th International Conference on Very Large Data Bases},
 series = {VLDB '01},
 year = {2001},
 isbn = {1-55860-804-4},
 pages = {381--390},
 numpages = {10},
 url = {http://dl.acm.org/citation.cfm?id=645927.672045},
 acmid = {672045},
 publisher = {Morgan Kaufmann Publishers Inc.},
 address = {San Francisco, CA, USA},
}



@article{Kalashnikov06,
 author = {Kalashnikov, Dmitri V. and Mehrotra, Sharad},
 title = {Domain-independent Data Cleaning via Analysis of Entity-relationship Graph},
 journal = {ACM Transactions on Database Systems},
 issue_date = {June 2006},
 volume = {31},
 number = {2},
 month = jun,
 year = {2006},
 issn = {0362-5915},
 pages = {716--767},
 numpages = {52},
 doi = {10.1145/1138394.1138401},
 acmid = {1138401},
 publisher = {ACM},
 address = {New York, NY, USA},
}

@inproceedings{Galhardas2000,
 author = {Galhardas, Helena and Florescu, Daniela and Shasha, Dennis and Simon, Eric},
 title = {AJAX: An Extensible Data Cleaning Tool},
 booktitle = {Proceedings of the 2000 ACM SIGMOD International Conference on Management of Data},
 series = {SIGMOD},
 year = {2000},
 isbn = {1-58113-217-4},
 location = {Dallas, Texas, USA},
 pages = {590},
 url = {http://doi.acm.org/10.1145/342009.336568},
 doi = {10.1145/342009.336568},
 acmid = {336568},
 publisher = {ACM},
 address = {New York, NY, USA},
}

%% cleaning with FDs

@article{Fan2008b,
 author = {Fan, Wenfei and Geerts, Floris and Jia, Xibei and Kementsietsidis, Anastasios},
 title = {Conditional Functional Dependencies for Capturing Data Inconsistencies},
 journal = {ACM Transactions on Database Systems},
 issue_date = {June 2008},
 volume = {33},
 number = {2},
 month = jun,
 year = {2008},
 issn = {0362-5915},
 pages = {6:1--6:48},
 articleno = {6},
 numpages = {48},
 doi = {10.1145/1366102.1366103},
 acmid = {1366103},
 publisher = {ACM},
 address = {New York, NY, USA},
 keywords = {Data cleaning, SQL, functional dependency},
}

@article{Golab2008,
 author = {Golab, Lukasz and Karloff, Howard and Korn, Flip and Srivastava, Divesh and Yu, Bei},
 title = {On Generating Near-optimal Tableaux for Conditional Functional Dependencies},
 journal = {PVLDB},
 issue_date = {August 2008},
 volume = {1},
 number = {1},
 month = aug,
 year = {2008},
 issn = {2150-8097},
 pages = {376--390},
 numpages = {15},
 doi = {10.14778/1453856.1453900},
 publisher = {VLDB Endowment},
}

@article{GolabKKS10,
  author    = {Lukasz Golab and
               Howard J. Karloff and
               Flip Korn and
               Divesh Srivastava},
  title     = {Data Auditor: Exploring Data Quality and Semantics using Pattern Tableaux},
  journal   = {{PVLDB}},
  year      = {2010},
  volume    = {3},
  number    = {2},
  pages     = {1641--1644},
}

@article{GebalyAGKS14,
  author    = {Kareem El Gebaly and
               Parag Agrawal and
               Lukasz Golab and
               Flip Korn and
               Divesh Srivastava},
  title     = {Interpretable and Informative Explanations of Outcomes},
  journal   = {{PVLDB}},
  volume    = {8},
  number    = {1},
  pages     = {61--72},
  year      = {2014},
  url       = {http://www.vldb.org/pvldb/vol8/p61-elgebaly.pdf},
}

@article{Fan2008,
 author = {Fan, Wenfei and Geerts, Floris and Jia, Xibei},
 title = {A Revival of Integrity Constraints for Data Cleaning},
 journal = {Proc. VLDB Endow.},
 issue_date = {August 2008},
 volume = {1},
 number = {2},
 month = aug,
 year = {2008},
 issn = {2150-8097},
 pages = {1522--1523},
 acmid = {1454220},
 hidepublisher = {VLDB Endowment},
}


@inproceedings{Khoussainova2006,
 author = {Khoussainova, Nodira and Balazinska, Magdalena and Suciu, Dan},
 title = {Towards Correcting Input Data Errors Probabilistically Using Integrity Constraints},
 longbooktitle = {Proceedings of the 5th ACM International Workshop on Data Engineering for Wireless and Mobile Access},
 booktitle = {MobiDE},
 year = {2006},
 isbn = {1-59593-436-7},
 location = {Chicago, Illinois, USA},
 pages = {43--50},
 doi = {10.1145/1140104.1140114},
 acmid = {1140114},
 hidepublisher = {ACM},
 hideaddress = {New York, NY, USA},
 keywords = {data cleaning, entropy maximization, probabilistic databases, stream processing},
}

@inproceedings{Chen2011,
 author = {Chen, Su and Dong, Xin Luna and Lakshmanan, Laks V.S. and Srivastava, Divesh},
 title = {We challenge you to certify your updates},
 longbooktitle = {Proceedings of the 2011 ACM SIGMOD International Conference on Management of data},
 booktitle = {SIGMOD},
 year = {2011},
 isbn = {978-1-4503-0661-4},
 pages = {481--492},
 hideaddress = {Athens, Greece},
 doi = {10.1145/1989323.1989374},
}



@article{oltpbench,
 author = {Difallah, Djellel Eddine and Pavlo, Andrew and Curino, Carlo and Cudre-Mauroux, Philippe},
 title = {OLTP-Bench: An Extensible Testbed for Benchmarking Relational Databases},
 journal = {VLDB},
 issue_date = {December 2013},
 volume = {7},
 number = {4},
 month = dec,
 year = {2013},
 issn = {2150-8097},
 pages = {277--288},
 numpages = {12},
 url = {http://dx.doi.org/10.14778/2732240.2732246},
 doi = {10.14778/2732240.2732246},
 acmid = {2732246},
 publisher = {VLDB Endowment},
}

@article{oltpbenchgit,
  title = {https://github.com/oltpbenchmark/oltpbench},
  url = {https://github.com/oltpbenchmark/oltpbench},
  year = {2015}

}

@inproceedings{wang2015,
  title={Data X-Ray: A diagnostic tool for data errors},
  author={Wang, Xiaolan and Dong, Xin Luna and Meliou, Alexandra},
  booktitle={Proceedings of the 2015 ACM SIGMOD International Conference on Management of Data},
  pages={1231--1245},
  year={2015},
  organization={ACM}
}

@article{Golab2008,
 author = {Golab, Lukasz and Karloff, Howard and Korn, Flip and Srivastava, Divesh and Yu, Bei},
 title = {On Generating Near-optimal Tableaux for Conditional Functional Dependencies},
 journal = {PVLDB},
 issue_date = {August 2008},
 volume = {1},
 number = {1},
 month = aug,
 year = {2008},
 issn = {2150-8097},
 pages = {376--390},
 numpages = {15},
 doi = {10.14778/1453856.1453900},
 publisher = {VLDB Endowment},
}
 
 @article{el2014interpretable,
  title={Interpretable and informative explanations of outcomes},
  author={El Gebaly, Kareem and Agrawal, Parag and Golab, Lukasz and Korn, Flip and Srivastava, Divesh},
  journal={Proceedings of the VLDB Endowment},
  volume={8},
  number={1},
  pages={61--72},
  year={2014},
  publisher={VLDB Endowment}
}

@inproceedings{mucslu2013data,
  title={Data debugging with continuous testing},
  author={Mu{\c{s}}lu, K{\i}van{\c{c}} and Brun, Yuriy and Meliou, Alexandra},
  booktitle={Proceedings of the 2013 9th Joint Meeting on Foundations of Software Engineering},
  pages={631--634},
  year={2013},
  organization={ACM}
}

@inproceedings{dimitriadou2014explore,
  title={Explore-by-example: An automatic query steering framework for interactive data exploration},
  author={Dimitriadou, Kyriaki and Papaemmanouil, Olga and Diao, Yanlei},
  booktitle={Proceedings of the 2014 ACM SIGMOD international conference on Management of data},
  pages={517--528},
  year={2014},
  organization={ACM}
}