@inproceedings{abouzied2012dataplay,
  title={DataPlay: interactive tweaking and example-driven correction of graphical database queries},
  author={Abouzied, Azza and Hellerstein, Joseph and Silberschatz, Avi},
  booktitle={UIST},
  year={2012}
}
@article{zloof1977query,
  title={Query-by-example: A data base language},
  author={Zloof, Moshe M.},
  journal={IBM systems Journal},
  year={1977}
}
@article{cleaningbenchmark,
  author = {Abedjan, Ziawasch and Chu, Xu and Deng, Dong and Fernandez, Raul Castro and Ilyas, Ihab F. and Ouzzani, Mourad and Papotti, Paolo and Stonebraker, Michael and Tang, Nan},
	title = {Detecting Data Errors: Where are we and what needs to be done?},
	journal = {VLDB},
	year={2016}
}

@article{haasclamshell,
 author = {Haas, Daniel and Wang, Jiannan and Wu, Eugene and Franklin, Michael J.},
 title = {CLAMShell: Speeding Up Crowds for Low-latency Data Labeling},
 journal = {VLDB},
 year = {2015}
 } 
@article{Franklin:2011kr,
author = {Franklin, Michael J and others},
title = {{CrowdDB: answering queries with crowdsourcing.}},
journal = {SIGMOD},
year = {2011},
}

@article{Gokhale:2014wv,
author = {Gokhale, Chaitanya and others},
title = {{Corleone: hands-off crowdsourcing for entity matching.}},
journal = {SIGMOD},
year = {2014},
}
@article{Stonebraker:2013vl,
author = {Stonebraker, Michael and others},
title = {{Data Curation at Scale: The Data Tamer System.}},
journal = {CIDR},
year = {2013}
}
@article{Kandel:2011vj,
author = {Kandel, Sean and Paepcke, Andreas and Hellerstein, Joseph M and Heer, Jeffrey},
title = {{Wrangler: interactive visual specification of data transformation scripts.}},
journal = {CHI},
year = {2011},
}




@article{Barchard20111834,
title = {Preventing human error: The impact of data entry methods on data accuracy and statistical results},
journal = {Computers in Human Behavior},
year = 2011,
author = {Kimberly A. Barchard and Larry A. Pace},
}

@inproceedings{krishnan2016hilda,
  title        = {Towards Reliable Interactive Data Cleaning: A User Survey and Recommendations},
  year         = 2016,
  author       = {Sanjay Krishnan and Daniel Haas and Michael J. Franklin and Eugene Wu},
  booktitle    = {HILDA},
}
@inproceedings{kandel2012,
  title        = {Enterprise Data Analysis and Visualization: An Interview Study},
  year         = 2012,
  author       = {Sean Kandel and Andreas Paepcke and Joseph M.  Hellerstein and Jeffrey Heer},
  booktitle    = {TVCG},
}
@Article{qfixarxiv,
  author      = {Wang, Xiaolan and Meliou, Alexandra and Wu, Eugene},
  Title = {QFix: Diagnosing errors through query histories},
  Year = {2016},
  journal   = {CoRR},
  volume    = {abs/1601.07539},
}

@misc{qfixanonymous,
  title={QFix: Diagnosing errors through query histories (Techreport)},
  key={QFix: Diagnosing errors through query histories (Techreport)},
  year = {2016},
  howpublished = {\url{https://drive.google.com/open?id=0B-9rQedXnwXLRHpkZGQzeDFIT28}},
}


@misc{powercompany,
title = {City of Buffalo overcharged \$1 million by power company},
key = {City of Buffalo overcharged \$1 million by power company},
howpublished = {\url{http://www.buffalonews.com/business/city-of-buffalo-overcharged-1-million-by-power-company-20160209}},
}

@misc{mosby,
title = {Marilyn Mosby's Office Got Two Names Wrong When Filing Charges },
key= { Marilyn Mosby's Office Got Two Names Wrong When Filing Charges},
howpublished={\url{http://www.mediaite.com/tv/marilyn-mosbys-office-got-two-names-wrong-when-filing-charges-cnn-panel-piles-on/}},
}

@misc{bostonpolice,
title = {Boston Police to Update Traffic Stop Database},
key={Boston Police to Update Traffic Stop Database},
howpublished = {\url{http://www.govtech.com/public-safety/Boston-Police-to-Update-Traffic-Stop-Database.html}},
}
@misc{twinfalls,
  title={Accounting Mistake Could Mean New Tax Bills for Twin Falls County },
  key={Accounting Mistake Could Mean New Tax Bills for Twin Falls County },
  howpublished = {\url{http://magicvalley.com/news/local/accounting-mistake-could-mean-new-tax-bills-for-twin-falls/article_24904ffe-003d-51d0-b536-60d9210e2116.html}},
}
@misc{cra,
  title={How to object to a CRA notice of assessment },
  key={How to object to a CRA notice of assessment },
  howpublished = {\url{http://www.newsoptimist.ca/opinion/columnists/how-to-object-to-a-cra-notice-of-assessment-1.2280680}}
}


@misc{citibank,
title = {Stock Selloff May Have Been Triggered by a Trader Error},
key = {Stock Selloff May Have Been Triggered by a Trader Error},
howpublished = {\url{http://www.cnbc.com/id/36999483}},
}

@misc{sap,
title={Manage the modern workforce with our HCM software},
key={Manage the modern workforce with our HCM software},
howpublished={\url{http://go.sap.com/solution/lob/human-resources-hcm.html}},
}

@misc{salesforce,
title={Salesforce},
key={Salesforce},
howpublished={\url{https://www.salesforce.com/}},
}

@misc{betterment,
title={Betterment},
key={Betterment},
howpublished={\url{https://www.betterment.com/}},
}

@misc{chase,
title={Chase Online Banking},
howpublished={\url{https://www.chase.com/online/digital/online-banking.html}},
key={Chase Online Banking},
}


@misc{dmv,
title={California Department of Motor Vehicles},
howpublished={\url{https://www.dmv.ca.gov}},
key = {California Department of Motor Vehicles},
}

@misc{dmvsystem,
title={Annual Report of the California DUI Management Information System},
howpublished={\url{https://www.dmv.ca.gov/portal/wcm/connect/ea06d0a4-a73f-4b2d-b6f1-257029275629/S5-246.pdf?CACHEID=ea06d0a4-a73f-4b2d-b6f1-257029275629}},
year={2014},
key = {Annual Report of the California DUI Management Information System},
}


@misc{iquantnyc,
title={{I Quant NY}},
howpublished={\url{http://iquantny.tumblr.com/}},
key = {I Quant NY},
}


@misc{iquantnycnypd,
title={Open Data Reveals \$791 Million Error in Newly Adopted NYC Budget},
year={2016},
howpublished={\url{http://iquantny.tumblr.com/post/147446103684/open-data-reveals-791-million-error-in-newly}},
key = {Open Data Reveals \$791 Million Error in Newly Adopted NYC Budget},
}


@misc{reutersmanagement,
title={New Systems for Government Revenue Management},
howpublished={\url{https://tax.thomsonreuters.com/new-systems-for-government-revenue-management}},
key = {New Systems for Government Revenue Management},
}

@misc{nyt-tax-article,
title={Tax Error in Health Act Has Impact on 800,000},
howpublished={\url{http://www.nytimes.com/2015/02/21/us/incorrect-tax-information-health-insurance.html}},
year={2015},
key = {Tax Error in Health Act Has Impact on 800,000}
}




@inproceedings{Yates10,
  title        = {Data entry error wipes out life insurance coverage},
  booktitle    = {Chicago Tribune},
  url          = {http://articles.chicagotribune.com/2010-12-02/business/ct-biz-1202-problem-mcshane-20101202_1_prudential-employee-albuterol-nebulizer-funeral-procession},
  author       = {Jon Yates},
  year         = 2005,
}
@inproceedings{Grady13,
  title        = {Oakland Unified makes \$7.6{M} accounting error in
    budget; asking schools not to count on it},
  booktitle    = {Oakland},
  url          = {http://oaklandlocal.com/article/oakland-unified-makes-76-million-accounting-error-budget-asking-schools-not-count-it},
  author       = {Barbara Grady},
  year         = 2013,
}
@inproceedings{Robeznieks05,
  title        = {Data entry is a top cause of medication errors},
  booktitle    = {American Medical News},
  url          = {http://www.amednews.com/article/20050124/profession/301249959/4},
  author       = {Andis Robeznieks},
  year         = 2005,
}

@inproceedings{Chalamalla2014,
 author = {Chalamalla, Anup and Ilyas, Ihab F. and Ouzzani, Mourad and Papotti, Paolo},
 title = {Descriptive and Prescriptive Data Cleaning},
 booktitle = {SIGMOD}, 
 year = {2014}
} 


@misc{tatp,
  title={TATP Benchmark Description (Version 1.0)},
  author={Wolski, A},
  year={2009}
}

@inproceedings{sakalerrors,
  title        = {Errors in Building and Using Electronic Tables:
    Financial Consequences and Minimisation Techniques},
  booktitle    = {Strategic Management},
  author       = {Marton Sakal and Lazar Rakovi{\'{c}}},
  year         = 2012,
}
@inproceedings{Samar2008,
  title        = {Controlling the Information Flow in Spreadsheets},
  booktitle    = {CoRR},
  author       = {Vipin Samar and Sangeeta Patni},
  year         = 2008,
}
@inproceedings{Herring01,
  title        = {Space-based Observation of the {Earth}},
  booktitle    = {Encyclopedia of Astronomy and Astrophysics},
  url          = {http://earthobservatory.nasa.gov/Features/Observing/obs_4.php},
  author       = {David Herring and Michael King},
  year         = 2001,
}
@inproceedings{dallachiesa2013nadeef,
  title        = {NADEEF: a commodity data cleaning system},
  booktitle    = {SIGMOD},
  author       = {Dallachiesa, Michele and Ebaid, Amr and Eldawy,
    Ahmed and Elmagarmid, Ahmed and Ilyas, Ihab F and Ouzzani, Mourad
    and Tang, Nan},
  year         = 2013,
}

@article{eckerson2002,
  title={Data quality and the bottom line},
  author={Eckerson, Wayne W},
  journal={TDWI Report, The Data Warehouse Institute},
  year={2002}
}

@article{quinlan1987,
  title={Simplifying decision trees},
  author={Quinlan, J. Ross},
  journal={International journal of man-machine studies},
  volume={27},
  number={3},
  pages={221--234},
  year={1987},
  publisher={Elsevier}
}

@inproceedings{rahm00,
  title        = {Data cleaning: Problems and current approaches},
  booktitle    = {IEEE Data Engineering Bulletin},
  author       = {Rahm, Erhard, and Hong Hai Do.},
  year         = 2000,
}
@inproceedings{Raman01,
  title        = {Potter's Wheel: An Interactive Data Cleaning System},
  booktitle    = {VLDB},
  url          = {http://dl.acm.org/citation.cfm?id=645927.672045},
  author       = {Raman, Vijayshankar and Hellerstein, Joseph M.},
  year         = 2001,
}
@inproceedings{Kalashnikov06,
  title        = {Domain-independent Data Cleaning via Analysis of
    Entity-relationship Graph},
  booktitle    = {ACM Transactions on Database Systems},
  author       = {Kalashnikov, Dmitri V. and Mehrotra, Sharad},
  year         = 2006,
}
@inproceedings{Galhardas2000,
  title        = {AJAX: An Extensible Data Cleaning Tool},
  booktitle    = {SIGMOD},
  url          = {http://doi.acm.org/10.1145/342009.336568},
  author       = {Galhardas, Helena and Florescu, Daniela and Shasha,
    Dennis and Simon, Eric},
  year         = 2000,
}
@inproceedings{Fan2008b,
  title        = {Conditional Functional Dependencies for Capturing
    Data Inconsistencies},
  booktitle    = {ACM Transactions on Database Systems},
  author       = {Fan, Wenfei and Geerts, Floris and Jia, Xibei and
    Kementsietsidis, Anastasios},
  year         = 2008,
}
@inproceedings{Golab2008,
  title        = {On Generating Near-optimal Tableaux for Conditional
    Functional Dependencies},
  booktitle    = {PVLDB},
  author       = {Golab, Lukasz and Karloff, Howard and Korn, Flip and
    Srivastava, Divesh and Yu, Bei},
  year         = 2008,
}
@inproceedings{GolabKKS10,
  title        = {Data Auditor: Exploring Data Quality and Semantics
    using Pattern Tableaux},
  booktitle    = {PVLDB},
  author       = {Lukasz Golab and Howard J. Karloff and Flip Korn and
    Divesh Srivastava},
  year         = 2010,
}

@misc{cplex2014v12,
  title={High-performance software for mathematical programming and optimization},
  author={CPLEX, ILOG},
  year={2005}
}

@inproceedings{GebalyAGKS14,
  title        = {Interpretable and Informative Explanations of
    Outcomes},
  booktitle    = {PVLDB},
  url          = {http://www.vldb.org/pvldb/vol8/p61-elgebaly.pdf},
  author       = {Kareem El Gebaly and Parag Agrawal and Lukasz Golab
    and Flip Korn and Divesh Srivastava},
  year         = 2014,
}
@inproceedings{Fan2008,
  title        = {A Revival of Integrity Constraints for Data Cleaning},
  booktitle    = {VLDB},
  author       = {Fan, Wenfei and Geerts, Floris and Jia, Xibei},
  year         = 2008,
}
@inproceedings{Chen2011,
  title        = {We challenge you to certify your updates},
  booktitle    = {SIGMOD},
  author       = {Chen, Su and Dong, Xin Luna and Lakshmanan, Laks
    V.S. and Srivastava, Divesh},
  year         = 2011,
}
@inproceedings{ChuIP13,
  title        = {Holistic data cleaning: Putting violations into
    context.},
  booktitle    = {ICDE},
  author       = {Chu, Xu and Ilyas, Ihab F. and Papotti, Paolo},
  year         = 2013,
}
@inproceedings{Beskales2010,
  title        = {Sampling the Repairs of Functional Dependency
    Violations Under Hard Constraints},
  booktitle    = {PVLDB},
  author       = {Beskales, George and Ilyas, Ihab F. and Golab,
    Lukasz},
  year         = 2010,
}
@inproceedings{Cong2007,
  title        = {Improving Data Quality: Consistency and Accuracy},
  booktitle    = {VLDB},
  author       = {Cong, Gao and Fan, Wenfei and Geerts, Floris and
    Jia, Xibei and Ma, Shuai},
  year         = 2007,
}
@inproceedings{Yakout,
  title        = {Guided Data Repair},
  booktitle    = {PVLDB},
  author       = {Yakout, Mohamed and Elmagarmid, Ahmed K. and
    Neville, Jennifer and Ouzzani, Mourad and Ilyas, Ihab F.},
  year         = 2011,
}
@inproceedings{ParentS98,
  title        = {Issues and Approaches of Database Integration},
  booktitle    = {Commununications of the ACM},
  author       = {Parent, Christine and Spaccapietra, Stefano},
  year         = 1998,
}
@inproceedings{Rahm2001,
  title        = {A Survey of Approaches to Automatic Schema Matching},
  booktitle    = {VLDB},
  author       = {Rahm, Erhard and Bernstein, Philip A.},
  year         = 2001,
}
@inproceedings{Batini1986,
  title        = {A Comparative Analysis of Methodologies for Database
    Schema Integration},
  booktitle    = {ACM Comput. Surv.},
  author       = {Batini, C. and Lenzerini, M. and Navathe, S. B.},
  year         = 1986,
}
@inproceedings{PochampallySDMS14,
  title        = {Fusing data with correlations},
  booktitle    = {SIGMOD},
  author       = {Ravali Pochampally and Anish Das Sarma and Xin Luna
    Dong and Alexandra Meliou and Divesh Srivastava},
  year         = 2014,
}
@inproceedings{Abiteboul99,
  title        = {Tools for Data Translation and Integration},
  booktitle    = {IEEE Data Engineering Bulletin},
  author       = {Serge Abiteboul and Sophie Cluet and Tova Milo and
    Pini Mogilevsky and J{\'e}r{\^o}me Sim{\'e}on and Sagit Zohar},
  year         = 1999,
}
@inproceedings{Ameli2010,
  title        = {Corroborating Information from Disagreeing Views},
  booktitle    = {WSDM},
  author       = {Galland, Alban and Abiteboul, Serge and Marian,
    Am{\'e}lie and Senellart, Pierre},
  year         = 2010,
}
@inproceedings{yin2008truth,
  title        = {Truth Discovery with Multiple Conflicting
    Information Providers on the Web},
  booktitle    = {KDD},
  url          = {http://doi.acm.org/10.1145/1281192.1281309},
  author       = {Yin, Xiaoxin and Han, Jiawei and Yu, Philip S.},
  year         = 2007,
}
@inproceedings{ltm2012,
  title        = {A {B}ayesian Approach to Discovering Truth from
    Conflicting Sources for Data Integration},
  booktitle    = {PVLDB},
  url          = {http://dl.acm.org/citation.cfm?id=2168651.2168656},
  author       = {Zhao, Bo and Rubinstein, Benjamin I. P. and Gemmell,
    Jim and Han, Jiawei},
  year         = 2012,
}
@inproceedings{DN09,
  title        = {Data fusion--Resolving data conflicts for
    integration.},
  booktitle    = {PVLDB},
  author       = {Xin Luna Dong and Felix Naumann},
  year         = 2009,
}
@inproceedings{DS11,
  title        = {Large-Scale Copying Detection},
  booktitle    = {SIGMOD (Tutorial)},
  author       = {Xin Luna Dong and Divesh Srivastava},
  year         = 2011,
}
@inproceedings{Koudas2006,
  title        = {Record Linkage: Similarity Measures and Algorithms},
  booktitle    = {SIGMOD},
  author       = {Koudas, Nick and Sarawagi, Sunita and Srivastava,
    Divesh},
  year         = 2006,
}
@inproceedings{GruenheidDS14,
  title        = {Incremental Record Linkage},
  booktitle    = {PVLDB},
  url          = {http://www.vldb.org/pvldb/vol7/p697-gruenheid.pdf},
  author       = {Anja Gruenheid and Xin Luna Dong and Divesh
    Srivastava},
  year         = 2014,
}
@inproceedings{DasSarma2010,
  title        = {I4E: Interactive Investigation of Iterative
    Information Extraction},
  booktitle    = {SIGMOD},
  author       = {Das Sarma, Anish and Jain, Alpa and Srivastava,
    Divesh},
  year         = 2010,
}
@inproceedings{Dong2014,
  title        = {Knowledge Vault: A Web-Scale Approach to
    Probabilistic Knowledge Fusion},
  booktitle    = {KDD},
  author       = {Xin Luna Dong and Evgeniy Gabrilovich and Geremy
    Heitz and Wilko Horn and Ni Lao and Kevin Murphy and Thomas
    Strohmann and Shaohua Sun and Wei Zhang},
  year         = 2014,
}
@inproceedings{DGE+14,
  title        = {From Data Fusion to Knowledge Fusion},
  booktitle    = {PVLDB},
  author       = {Xin Luna Dong and Evgeniy Gabrilovich and Geremy
    Heitz and Wilko Horn and Kevin Murphy and Shaohua Sun and Wei
    Zhang},
  year         = 2014,
}
@inproceedings{yago2,
  title        = {{YAGO2: A Spatially and Temporally Enhanced
    Knowledge Base from Wikipedia}},
  booktitle    = {aij},
  url          = {http://www.mpi-inf.mpg.de/yago-naga/yago/publications/aij.pdf},
  author       = {J. Hoffart and F. M. Suchanek and K. Berberich and
    G. Weikum},
  year         = 2012,
}
@inproceedings{Fader11,
  title        = {Identifying Relations for Open Information
    Extraction},
  booktitle    = {EMNLP},
  author       = {Fader, Anthony and Soderland, Stephen and Etzioni,
    Oren},
  year         = 2011,
}
@inproceedings{Toutanova2003,
  title        = {Feature-rich Part-of-speech Tagging with a Cyclic
    Dependency Network},
  booktitle    = {NAACL HLT},
  author       = {Toutanova, Kristina and Klein, Dan and Manning,
    Christopher D. and Singer, Yoram},
  year         = 2003,
}
@inproceedings{oltpbench,
  title        = {OLTP-Bench: An Extensible Testbed for Benchmarking
    Relational Databases},
  booktitle    = {VLDB},
  url          = {http://dx.doi.org/10.14778/2732240.2732246},
  author       = {Difallah, Djellel Eddine and Pavlo, Andrew and
    Curino, Carlo and Cudre-Mauroux, Philippe},
  year         = 2013,
}
@inproceedings{wang2015,
  title        = {Data X-Ray: A diagnostic tool for data errors},
  booktitle    = {SIGMOD},
  author       = {Wang, Xiaolan and Dong, Xin Luna and Meliou,
    Alexandra},
  year         = 2015,
}
@inproceedings{difallah2013oltp,
  title        = {OLTP-Bench: An extensible testbed for benchmarking
    relational databases},
  booktitle    = {VLDB},
  author       = {Difallah, Djellel Eddine and Pavlo, Andrew and
    Curino, Carlo and Cudre-Mauroux, Philippe},
  year         = 2013,
}

@misc{tpcc,
  title={Benchmark {C}: Standard Specification (Revision 5.9.0)},
  author={{The Transaction Processing Council}},
  year={2014}
}

@inproceedings{mucslu2013data,
  title        = {Data debugging with continuous testing},
  booktitle    = {SIGMOD},
  author       = {Mu{\c{s}}lu, K{\i}van{\c{c}} and Brun, Yuriy and
    Meliou, Alexandra},
  year         = 2013,
}
@inproceedings{dimitriadou2014explore,
  title        = {Explore-by-example: An automatic query steering
    framework for interactive data exploration},
  booktitle    = {SIGMOD},
  author       = {Dimitriadou, Kyriaki and Papaemmanouil, Olga and
    Diao, Yanlei},
  year         = 2014,
}
@inproceedings{Chapman2009,
  title        = {Why Not?},
  booktitle    = {SIGMOD},
  author       = {Chapman, Adriane and Jagadish, H. V.},
  year         = 2009,
}
@inproceedings{tenCate2015,
  title        = {High-Level Why-Not Explanations using Ontologies},
  booktitle    = {PODS},
  author       = {ten Cate, Balder and Civili, Cristina and
    Sherkhonov, Evgeny and Tan, Wang-Chiew},
  year         = 2015,
}
@inproceedings{tran2010conquer,
  title        = {How to conquer why-not questions},
  booktitle    = {SIGMOD},
  author       = {Tran, Quoc Trung and Chan, Chee-Yong},
  year         = 2010,
}
@inproceedings{tzompanaki14semi,
  title        = {Semi-automatic SQL Debugging and Fixing to solve the
    Missing-Answers Problem},
  booktitle    = {VLDB PhD Workshop},
  author       = {Tzompanaki, Katerina and Bidoit, Nicole and
    Herschel, Melanie},
}
@inproceedings{Wu13,
  title        = {Scorpion: Explaining Away Outliers in Aggregate
    Queries},
  booktitle    = {PVLDB},
  author       = {Wu, Eugene and Madden, Samuel},
  year         = 2013,
}
@inproceedings{Roy2014,
  title        = {A Formal Approach to Finding Explanations for
    Database Queries},
  booktitle    = {SIGMOD},
  author       = {Roy, Sudeepa and Suciu, Dan},
  year         = 2014,
}
@inproceedings{Khoussainova2012,
  title        = {PerfXplain: debugging MapReduce job performance},
  booktitle    = {VLDB},
  author       = {Khoussainova, Nodira and Balazinska, Magdalena and
    Suciu, Dan},
  year         = 2012,
}
@inproceedings{Thirumuruganathan2012,
  title        = {MapRat: meaningful explanation, interactive
    exploration and geo-visualization of collaborative ratings},
  booktitle    = {PVLDB},
  author       = {Thirumuruganathan, Saravanan and Das, Mahashweta and
    Desai, Shrikant and Amer-Yahia, Sihem and Das, Gautam and Yu, Cong},
  year         = 2012,
}
@inproceedings{Das2011,
  title        = {MRI: Meaningful Interpretations of Collaborative
    Ratings},
  booktitle    = {PVLDB},
  author       = {Mahashweta Das and Sihem Amer-Yahia and Gautam Das
    and Cong Yu},
  year         = 2011,
}
@inproceedings{Fabbri2011,
  title        = {Explanation-based auditing},
  booktitle    = {PVLDB},
  author       = {Fabbri, Daniel and LeFevre, Kristen},
  year         = 2011,
}
@inproceedings{Bender14,
  title        = {Explainable Security for Relational Databases},
  booktitle    = {SIGMOD},
  author       = {Bender, Gabriel and Kot, Lucja and Gehrke, Johannes},
  year         = 2014,
}
@inproceedings{GKT07-semirings,
  title        = {Provenance semirings},
  booktitle    = {PODS},
  author       = {Green, Todd J. and Karvounarakis, Grigoris and
    Tannen, Val},
  year         = 2007,
}
@inproceedings{BunemanKT01,
  title        = {Why and Where: A Characterization of Data Provenance},
  booktitle    = {ICDT},
  author       = {Peter Buneman and Sanjeev Khanna and Wang Chiew Tan},
  year         = 2001,
}
@inproceedings{CuiWW00,
  title        = {Tracing the lineage of view data in a warehousing
    environment},
  booktitle    = {ACM Transactions on Database Systems},
  author       = {Yingwei Cui and Jennifer Widom and Janet L. Wiener},
  year         = 2000,
}
@inproceedings{CheneyCT09,
  title        = {Provenance in Databases: Why, How, and Where},
  booktitle    = {Foundations and Trends in Databases},
  author       = {James Cheney and Laura Chiticariu and Wang Chiew Tan},
  year         = 2009,
}
@inproceedings{Davidson2008,
  title        = {Provenance and Scientific Workflows: Challenges and
    Opportunities},
  booktitle    = {SIGMOD},
  author       = {Davidson, Susan B. and Freire, Juliana},
  year         = 2008,
}
@inproceedings{Amsterdamer2011,
  title        = {Putting Lipstick on Pig: Enabling Database-style
    Workflow Provenance},
  booktitle    = {PVLDB},
  author       = {Amsterdamer, Yael and Davidson, Susan B. and Deutch,
    Daniel and Milo, Tova and Stoyanovich, Julia and Tannen, Val},
  year         = 2011,
}
@inproceedings{tiresias,
  title        = {Tiresias: The Database Oracle for How-to Queries},
  booktitle    = {SIGMOD},
  url          = {http://doi.acm.org/10.1145/2213836.2213875},
  author       = {Meliou, Alexandra and Suciu, Dan},
  year         = 2012,
}
@inproceedings{Khoussainova2006,
  title        = {Towards Correcting Input Data Errors
    Probabilistically Using Integrity Constraints},
  booktitle    = {MobiDE},
  author       = {Khoussainova, Nodira and Balazinska, Magdalena and
    Suciu, Dan},
  year         = 2006,
}



@article{entezari2009comparison,
  title={Comparison of classification methods based on the type of attributes and sample size},
  author={Entezari-Maleki, Reza and Rezaei, Arash and Minaei-Bidgoli, Behrouz},
  journal={Journal of Convergence Information Technology},
  volume={4},
  number={3},
  pages={94--102},
  year={2009},
  publisher={Citeseer}
}

@article{he2009learning,
  title={Learning from imbalanced data},
  author={He, Haibo and Garcia, Edwardo A},
  journal={Knowledge and Data Engineering, IEEE Transactions on},
  volume={21},
  number={9},
  pages={1263--1284},
  year={2009},
  publisher={IEEE}
}

@article{galar2012review,
  title={A review on ensembles for the class imbalance problem: bagging-, boosting-, and hybrid-based approaches},
  author={Galar, Mikel and Fernandez, Alberto and Barrenechea, Edurne and Bustince, Humberto and Herrera, Francisco},
  journal={Systems, Man, and Cybernetics, Part C: Applications and Reviews, IEEE Transactions on},
  volume={42},
  number={4},
  pages={463--484},
  year={2012},
  publisher={IEEE}
}

@article{atamturk2005integer,
  title={Integer-programming software systems},
  author={Atamt{\"u}rk, Alper and Savelsbergh, Martin WP},
  journal={Annals of Operations Research},
  volume={140},
  number={1},
  pages={67--124},
  year={2005},
  publisher={Springer}
}

@article{meindl2012analysis,
  title={Analysis of commercial and free and open source solvers for linear optimization problems},
  author={Meindl, Bernhard and Templ, Matthias},
  journal={Eurostat and Statistics Netherlands within the project ESSnet on common tools and harmonised methodology for SDC in the ESS},
  year={2012}
}

@techreport{gearhart2013comparison,
  title={Comparison of open-source linear programming solvers.},
  author={Gearhart, Jared Lee and Adair, Kristin Lynn and Detry, Richard J and Durfee, Justin D and Jones, Katherine A and Martin, Nathaniel},
  year={2013},
  institution={Sandia National Laboratories (SNL-NM), Albuquerque, NM (United States)}
}

@article{quesada1992lp,
  title={An LP/NLP based branch and bound algorithm for convex MINLP optimization problems},
  author={Quesada, Ignacio and Grossmann, Ignacio E},
  journal={Computers \& chemical engineering},
  volume={16},
  number={10},
  pages={937--947},
  year={1992},
  publisher={Elsevier}
}

@article{stubbs1999branch,
  title={A branch-and-cut method for 0-1 mixed convex programming},
  author={Stubbs, Robert A and Mehrotra, Sanjay},
  journal={Mathematical programming},
  volume={86},
  number={3},
  pages={515--532},
  year={1999},
  publisher={Springer}
}

@article{savelsbergh1994preprocessing,
  title={Preprocessing and probing techniques for mixed integer programming problems},
  author={Savelsbergh, Martin WP},
  journal={ORSA Journal on Computing},
  volume={6},
  number={4},
  pages={445--454},
  year={1994},
  publisher={INFORMS}
}

@article{lima2011computational,
  title={Computational advances in solving mixed integer linear programming problems},
  author={Lima, Ricardo M and Grossmann, Ignacio E},
  year={2011}
}

@article{danna2005exploring,
  title={Exploring relaxation induced neighborhoods to improve MIP solutions},
  author={Danna, Emilie and Rothberg, Edward and Le Pape, Claude},
  journal={Mathematical Programming},
  volume={102},
  number={1},
  pages={71--90},
  year={2005},
  publisher={Springer}
}

@article{rothberg2007evolutionary,
  title={An evolutionary algorithm for polishing mixed integer programming solutions},
  author={Rothberg, Edward},
  journal={INFORMS Journal on Computing},
  volume={19},
  number={4},
  pages={534--541},
  year={2007},
  publisher={INFORMS}
}

@article{achterberg2009scip,
  title={SCIP: solving constraint integer programs},
  author={Achterberg, Tobias},
  journal={Mathematical Programming Computation},
  volume={1},
  number={1},
  pages={1--41},
  year={2009},
  publisher={Springer}
}

%% MILP applications

@inproceedings{Ma2006,
title = {MILP optimal path planning for real-time applications},
author = {Chun-Sheng Ma and Roger H. Miller},
year = {2006},
booktitle = {American Control Conference (ACC)},
pages = {4945--4950},
}

@article{Richards02_JGCD, 
    author = {A. Richards and T. Schouwenaars and J. P. How and E. Feron},
    journal = {AIAA Journal on Guidance, Control, and Dynamics},
    keywords = {MILP, Space},
    month = {July-August},
    number = {4},
    pages = {755--764},
    title = {Spacecraft Trajectory Planning with Avoidance Constraints Using Mixed-Integer Linear Programming},
    volume = {25},
    year = {2002},
}

@inproceedings{Kuwata2005a, 
    author = {Kuwata, Y. and How, J. P.},
    booktitle = {American Control Conference (ACC)},
    keywords = {MILP, path planning},
    month = jun,
    pages = {2684--2685},
    title = {{Receding horizon implementation of MILP for vehicle guidance}},
    year = {2005},
}

@article{Sawik2000,
title = {Mixed integer programming for scheduling flexible flow lines with limited intermediate buffers},
author = {Tadeusz Sawik},
journal = {Mathematical and Computer Modelling},
volume = {31},
number = {13},
pages = {39--52},
year = {2000},
}

@book{Sawik2011,
  title={Scheduling in Supply Chains Using Mixed Integer Programming},
  author={Tadeusz Sawik},
  isbn={9781118029091},
  lccn={2010047228},
  year={2011},
  publisher={Wiley},
}

@article{Floudas2005,
  author = {Floudas, Christodoulos A. and Lin, Xiaoxia},
  journal = {Annals of Operations Research},
  number = {1},
  pages = {131--162},
  title = {Mixed Integer Linear Programming in Process Scheduling: Modeling, Algorithms, and Applications},
  volume = {139},
  year = {2005},
}

@inproceedings{Sabater2009,
title = {A decision support system for aggregate production planning based on MILP: A case study from the automotive industry},
author = {Jose P. Garcia-Sabater},
year = {2009},
booktitle = {International Conference on Computers and Industrial Engineering},
pages = {366--371},
}

@article{Milan2013,
  author = {Esteban Lopez-Milan and Lluis M. Pla-Aragones},
  journal = {Annals of Operations Research},
  number = {1},
  pages = {285--297},
  title = {A decision support system to manage the supply chain of sugar cane},
  volume = {219},
  year = {2013},
}