@article{Abiteboul99,
  author       = {Serge Abiteboul and Sophie Cluet and Tova Milo and
    Pini Mogilevsky and J{\'e}r{\^o}me Sim{\'e}on and Sagit Zohar},
  	journal = {IEEE Data Eng. Bull.},
    number = {1},
    pages = {3--8},
    title = {{Tools for Data Translation and Integration}},
    volume = {22},
    year = {1999}
}
@inproceedings{Ameli2010,
  author       = {Galland, Alban and Abiteboul, Serge and Marian,
    Am{\'e}lie and Senellart, Pierre},
  year         = 2010,
  title        = {Corroborating Information from Disagreeing Views},
  booktitle    = {WSDM},
}

@article{Amsterdamer2011,
 author = {Amsterdamer, Yael and Davidson, Susan B. and Deutch, Daniel and Milo, Tova and Stoyanovich, Julia and Tannen, Val},
 title = {{Putting Lipstick on Pig: Enabling Database-style Workflow Provenance}},
 journal = {PVLDB},
 volume = {5},
 number = {4},
 year = {2011},
 issn = {2150-8097},
 pages = {346--357},
 hidepublisher = {VLDB Endowment},
} 

@article{Barchard20111834,
  author       = {Kimberly A. Barchard and Larry A. Pace},
  journal = {Computers in Human Behavior},
  volume = {27},
  number = {5},
  pages = {1834 - 1839},
  year         = 2011,
  title        = {Preventing human error: The impact of data entry
    methods on data accuracy and statistical results},
}
@inproceedings{Batini1986,
  author       = {Batini, C. and Lenzerini, M. and Navathe, S. B.},
  year         = 1986,
  title        = {A Comparative Analysis of Methodologies for Database
    Schema Integration},
  booktitle    = {ACM Computing Surveys},
}
@inproceedings{Bender14,
  author       = {Bender, Gabriel and Kot, Lucja and Gehrke, Johannes},
  year         = 2014,
  title        = {Explainable Security for Relational Databases},
  booktitle    = {SIGMOD},
  pages = {1411--1422},
  hidepublisher = {ACM},
}

@article{Beskales2010,
  author       = {Beskales, George and Ilyas, Ihab F. and Golab,
    Lukasz},
  year         = 2010,
  title        = {{Sampling the Repairs of Functional Dependency
    Violations Under Hard Constraints}},
  journal    = {PVLDB},
  volume = {3},
  number = {1-2},
  pages = {197--207},
  hidepublisher = {VLDB Endowment},
}

@inproceedings{BunemanKT01,
  author       = {Peter Buneman and Sanjeev Khanna and Wang-Chiew Tan},
  year         = 2001,
  title        = {Why and Where: A Characterization of Data Provenance},
  booktitle    = {ICDT},
  pages= {316--330},
}

@inproceedings{Chalamalla2014,
  author       = {Chalamalla, Anup and Ilyas, Ihab F. and Ouzzani,
    Mourad and Papotti, Paolo},
  year         = 2014,
  title        = {Descriptive and Prescriptive Data Cleaning},
  booktitle    = {SIGMOD},
  pages = {445--456},
  hidepublisher = {ACM},
}

@inproceedings{Chapman2009,
  author       = {Chapman, Adriane and Jagadish, H. V.},
  year         = 2009,
  title        = {Why Not?},
  booktitle    = {SIGMOD},
  pages = {523--534},
}
@inproceedings{Chen2011,
  author       = {Chen, Su and Dong, Xin Luna and Lakshmanan, Laks
    V.S. and Srivastava, Divesh},
  year         = 2011,
  title        = {{We Challenge You to Certify Your Updates}},
  booktitle    = {SIGMOD},
  pages = {481--492},
  hidepublisher = {ACM},
}


@article{CheneyCT09,
  author       = {Cheney, James and Chiticariu, Laura and Tan, Wang-Chiew},
  year         = 2009,
  title        = {{Provenance in Databases: Why, How, and Where}},
  journal    = {Foundations and Trends in Databases},
  volume = {1},
  number = {4},
  pages = {379--474},
}

@inproceedings{ChuIP13,
  author       = {Chu, Xu and Ilyas, Ihab F. and Papotti, Paolo},
  year         = 2013,
  title        = {{Holistic data cleaning: Putting violations into context}},
  booktitle    = {ICDE},
  pages={458-469}, 
}

@inproceedings{Cong2007,
  author       = {Cong, Gao and Fan, Wenfei and Geerts, Floris and
    Jia, Xibei and Ma, Shuai},
  year         = 2007,
  title        = {Improving Data Quality: Consistency and Accuracy},
  booktitle    = {VLDB},
  pages = {315--326},
}

@article{CuiWW00,
  author       = {Cui, Yingwei and Widom, Jennifer and Wiener, Janet L.},
  year         = 2000,
  title        = {Tracing the lineage of view data in a warehousing environment},
  journal = {TODS},
  volume = {25},
  number = {2},
  pages = {179--227},
}

@article{DGE+14,
  author       = {Xin Luna Dong and Evgeniy Gabrilovich and Geremy
    Heitz and Wilko Horn and Kevin Murphy and Shaohua Sun and Wei
    Zhang},
  year         = 2014,
  title        = {From Data Fusion to Knowledge Fusion},
  journal    = {PVLDB},
  volume = {2},
  number = {2},
  pages = {1654--1655},
}

@article{DN09,
  author       = {Xin Luna Dong and Felix Naumann},
  year         = 2009,
  title        = {Data fusion--{Resolving} data conflicts for
    integration.},
  journal={PVLDB},
  volume={2},
  number={2},
  pages={1654--1655},
}
@inproceedings{DS11,
  author       = {Xin Luna Dong and Divesh Srivastava},
  year         = 2011,
  title        = {Large-Scale Copying Detection},
  booktitle    = {SIGMOD},
}
@article{Das2011,
  author       = {Mahashweta Das and Sihem Amer-Yahia and Gautam Das
    and Cong Yu},
  year         = 2011,
  title        = {{MRI: Meaningful Interpretations of Collaborative
    Ratings}},
  journal    = {PVLDB},
  volume={4},
  number={11},
  pages={1063--1074},
}
@inproceedings{DasSarma2010,
  author       = {Das Sarma, Anish and Jain, Alpa and Srivastava,
    Divesh},
  year         = 2010,
  title        = {{I4E}: Interactive Investigation of Iterative
    Information Extraction},
  booktitle    = {SIGMOD},
}
@inproceedings{Davidson2008,
  author       = {Davidson, Susan B. and Freire, Juliana},
  year         = 2008,
  title        = {Provenance and Scientific Workflows: Challenges and
    Opportunities},
  booktitle    = {SIGMOD},
}
@inproceedings{Dong2014,
  author       = {Xin Luna Dong and Evgeniy Gabrilovich and Geremy
    Heitz and Wilko Horn and Ni Lao and Kevin Murphy and Thomas
    Strohmann and Shaohua Sun and Wei Zhang},
  year         = 2014,
  title        = {Knowledge Vault: A Web-Scale Approach to
    Probabilistic Knowledge Fusion},
  booktitle    = {KDD},
}

@article{Fabbri2011,
  author       = {Fabbri, Daniel and LeFevre, Kristen},
  year         = 2011,
  title        = {Explanation-based auditing},
  journal    = {PVLDB},
  volume = {5},
  number = {1},
  pages = {1--12},
}

@inproceedings{Fader11,
  author       = {Fader, Anthony and Soderland, Stephen and Etzioni,
    Oren},
  year         = 2011,
  title        = {Identifying Relations for Open Information
    Extraction},
  booktitle    = {EMNLP},
}

@inproceedings{Fan2008,
  author       = {Fan, Wenfei and Geerts, Floris and Jia, Xibei},
  year         = 2008,
  title        = {A Revival of Integrity Constraints for Data Cleaning},
  booktitle    = {VLDB},
}

@article{Fan2008b,
  author       = {Fan, Wenfei and Geerts, Floris and Jia, Xibei and
    Kementsietsidis, Anastasios},
  year         = 2008,
  title        = {Conditional Functional Dependencies for Capturing
    Data Inconsistencies},
  journal    = {TODS},
  volume = {33},
  number = {2},
  pages = {6:1--6:48},
}
@article{Floudas2005,
  author       = {Floudas, Christodoulos A. and Lin, Xiaoxia},
  year         = 2005,
  title        = {Mixed Integer Linear Programming in Process
    Scheduling: Modeling, Algorithms, and Applications},
  journal={Annals of Operations Research},
  volume={139},
  number={1},
  pages={131--162},
}
@inproceedings{Franklin:2011kr,
  author       = {Franklin, Michael J and others},
  year         = 2011,
  title        = {{CrowdDB}: answering queries with crowdsourcing.},
  booktitle    = {SIGMOD},
}
@inproceedings{GKT07-semirings,
  author       = {Green, Todd J. and Karvounarakis, Grigoris and
    Tannen, Val},
  year         = 2007,
  title        = {Provenance semirings},
  booktitle    = {PODS},
  pages = {31--40},
}
@inproceedings{Galhardas2000,
  author       = {Galhardas, Helena and Florescu, Daniela and Shasha,
    Dennis and Simon, Eric},
  year         = 2000,
  url          = {http://doi.acm.org/10.1145/342009.336568},
  title        = {{AJAX: An Extensible Data Cleaning Tool}},
  booktitle    = {SIGMOD},
}
@article{GebalyAGKS14,
  author       = {Kareem El Gebaly and Parag Agrawal and Lukasz Golab
    and Flip Korn and Divesh Srivastava},
  year         = 2014,
  url          = {http://www.vldb.org/pvldb/vol8/p61-elgebaly.pdf},
  title        = {{Interpretable and Informative Explanations of
    Outcomes}},
  journal    = {PVLDB},
  volume = {8},
  number = {1},
  pages = {61--72},
}

@inproceedings{Gokhale:2014wv,
  author       = {Gokhale, Chaitanya and Das, Sanjib and Doan, AnHai and Naughton, Jeffrey F. and Rampalli, Narasimhan and Shavlik, Jude and Zhu, Xiaojin},
  year         = 2014,
  title        = {{Corleone: Hands-off Crowdsourcing for Entity Matching}},
  booktitle    = {SIGMOD},
  pages = {601--612},
}

@article{Golab2008,
  author       = {Golab, Lukasz and Karloff, Howard and Korn, Flip and
    Srivastava, Divesh and Yu, Bei},
  year         = 2008,
  title        = {{On Generating Near-optimal Tableaux for Conditional
    Functional Dependencies}},
  journal    = {PVLDB},
  volume = {1},
  number = {1},
  pages = {376--390},
}
@article{GolabKKS10,
  author       = {Lukasz Golab and Howard J. Karloff and Flip Korn and
    Divesh Srivastava},
  year         = 2010,
  title        = {{Data Auditor: Exploring Data Quality and Semantics using Pattern Tableaux}},
  journal   = {{PVLDB}},
  volume    = {3},
  number    = {2},
  pages     = {1641--1644},
}

@misc{Grady13,
title = {Oakland Unified makes \$7.6{M} accounting error in
    budget; asking schools not to count on it},
key = {Oakland Unified makes \$7.6{M} accounting error in
    budget; asking schools not to count on it},
howpublished = {\url{http://oaklandlocal.com/article/oakland-unified-makes-76-million-accounting-error-budget-asking-schools-not-count-it}},
}

@article{GruenheidDS14,
  author       = {Anja Gruenheid and Xin Luna Dong and Divesh
    Srivastava},
  year         = 2014,
  url          = {http://www.vldb.org/pvldb/vol7/p697-gruenheid.pdf},
  title        = {{Incremental Record Linkage}},
  journal    = {PVLDB},
  volume = {7},
  number = {9},
  pages = {697--708},
}

@inproceedings{Herring01,
  author       = {David Herring and Michael King},
  year         = 2001,
  url          = {http://earthobservatory.nasa.gov/Features/Observing/obs_4.php},
  title        = {Space-based Observation of the {Earth}},
  booktitle    = {Encyclopedia of Astronomy and Astrophysics},
}

@article{Kalashnikov06,
  author       = {Kalashnikov, Dmitri V. and Mehrotra, Sharad},
  year         = 2006,
  title        = {{Domain-independent Data Cleaning via Analysis of
    Entity-relationship Graph}},
  journal   = {TODS},
  volume = {31},
  number = {2},
  pages = {716--767},
}

@inproceedings{Kandel:2011vj,
  author       = {Kandel, Sean and Paepcke, Andreas and Hellerstein,
    Joseph M and Heer, Jeffrey},
  year         = 2011,
  title        = {{Wrangler: Interactive Visual Specification of Data Transformation Scripts}},
  booktitle    = {CHI},
  pages = {3363--3372},
}
@inproceedings{Khoussainova2006,
  author       = {Khoussainova, Nodira and Balazinska, Magdalena and
    Suciu, Dan},
  year         = 2006,
  title        = {{Towards Correcting Input Data Errors
    Probabilistically Using Integrity Constraints}},
  booktitle    = {MobiDE},
  pages = {43--50},
}

@article{Khoussainova2012,
  author       = {Khoussainova, Nodira and Balazinska, Magdalena and
    Suciu, Dan},
  title        = {{PerfXplain: debugging MapReduce job performance}},
  journal = {PVLDB},
  volume = {5},
  number = {7},
  year = {2012},
  pages = {598--609},
}

@inproceedings{Koudas2006,
  author       = {Koudas, Nick and Sarawagi, Sunita and Srivastava,
    Divesh},
  year         = 2006,
  title        = {{Record Linkage: Similarity Measures and Algorithms}},
  booktitle    = {SIGMOD},
  pages = {802--803},
}
@inproceedings{Kuwata2005a,
  author       = {Kuwata, Y. and How, J. P.},
  year         = 2005,
  title        = {{Receding horizon implementation of {MILP} for
    vehicle guidance}},
  booktitle    = {ACC},
  pages={2684--2685},
}
@inproceedings{Ma2006,
  author       = {Chun-Sheng Ma and Roger H. Miller},
  year         = 2006,
  title        = {{MILP} optimal path planning for real-time
    applications},
  booktitle    = {ACC},
  pages={6 pp.-}, 
}
@article{Milan2013,
  author       = {Esteban Lopez-Milan and Lluis M. Pla-Aragones},
  year         = 2013,
  title        = {A decision support system to manage the supply chain
    of sugar cane},
  journal    = {Annals of Operations Research},
  volume={219},
  number={1},
  pages={285--297},
}
@inproceedings{ParentS98,
  author       = {Parent, Christine and Spaccapietra, Stefano},
  year         = 1998,
  title        = {Issues and Approaches of Database Integration},
  booktitle    = {Commununications of the ACM},
}
@inproceedings{PochampallySDMS14,
  author       = {Ravali Pochampally and Anish Das Sarma and Xin Luna
    Dong and Alexandra Meliou and Divesh Srivastava},
  year         = 2014,
  title        = {Fusing data with correlations},
  booktitle    = {SIGMOD},
}
@inproceedings{Rahm2001,
  author       = {Rahm, Erhard and Bernstein, Philip A.},
  year         = 2001,
  title        = {A Survey of Approaches to Automatic Schema Matching},
  booktitle    = {VLDB},
}
@inproceedings{Raman01,
  author       = {Raman, Vijayshankar and Hellerstein, Joseph M.},
  year         = 2001,
  url          = {http://dl.acm.org/citation.cfm?id=645927.672045},
  title        = {{Potter's Wheel: An Interactive Data Cleaning System}},
  booktitle    = {VLDB},
  pages = {381--390},
}
@article{Richards02_JGCD,
  author       = {A. Richards and T. Schouwenaars and J. P. How and E.
    Feron},
  year         = 2002,
  title        = {Spacecraft Trajectory Planning with Avoidance
    Constraints Using Mixed-Integer Linear Programming},
  journal    = {Journal of Guidance, Control, and Dynamics},
  volume={25},
  number={4},
  pages={755--764},
}

@misc{Robeznieks05,
title = {Data entry is a top cause of medication errors},
key = {Data entry is a top cause of medication errors},
howpublished = {\url{http://www.amednews.com/article/20050124/profession/301249959/4}},
}

@inproceedings{Roy2014,
  author       = {Roy, Sudeepa and Suciu, Dan},
  year         = 2014,
  title        = {A Formal Approach to Finding Explanations for
    Database Queries},
  booktitle    = {SIGMOD},
}
@inproceedings{Sabater2009,
  author       = {Jose P. Garcia-Sabater and Julien Maheut and Julio J. Garcia-Sabater},
  year         = 2009,
  title        = {A decision support system for aggregate production
    planning based on {MILP}: A case study from the automotive
    industry},
  booktitle    = {CIE},
  pages={366-371}, 
}
@inproceedings{Samar2008,
  author       = {Vipin Samar and Sangeeta Patni},
  year         = 2008,
  title        = {Controlling the Information Flow in Spreadsheets},
  booktitle    = {CoRR},
}
@article{Sawik2000,
  author       = {Tadeusz Sawik},
  year         = 2000,
  title        = {Mixed integer programming for scheduling flexible
    flow lines with limited intermediate buffers},
  journal = {Mathematical and Computer Modelling},
  volume = {31},
  number = {13},
  pages = {39--52},
}
@inproceedings{Stonebraker:2013vl,
  author       = {Stonebraker, Michael and others},
  year         = 2013,
  title        = {{Data Curation at Scale: The Data Tamer System.}},
  booktitle    = {CIDR},
}
@article{Thirumuruganathan2012,
  author       = {Thirumuruganathan, Saravanan and Das, Mahashweta and
    Desai, Shrikant and Amer-Yahia, Sihem and Das, Gautam and Yu, Cong},
  year         = 2012,
  title        = {{MapRat: Meaningful Explanation, Interactive Exploration
and Geo-Visualization of Collaborative Ratings}},
  journal     = {PVLDB},
  volume = {5},
  number = {12},
  pages = {1986--1989},
}
@inproceedings{Toutanova2003,
  author       = {Toutanova, Kristina and Klein, Dan and Manning,
    Christopher D. and Singer, Yoram},
  year         = 2003,
  title        = {Feature-rich Part-of-speech Tagging with a Cyclic
    Dependency Network},
  booktitle    = {NAACL HLT},
}
@article{Wu13,
  author       = {Wu, Eugene and Madden, Samuel},
  year         = 2013,
  title        = {{Scorpion: Explaining Away Outliers in Aggregate
    Queries}},
  journal    = {PVLDB},
  volume = {6},
  number = {8},
  pages = {553--564},
}

@article{Yakout,
  author       = {Yakout, Mohamed and Elmagarmid, Ahmed K. and
    Neville, Jennifer and Ouzzani, Mourad and Ilyas, Ihab F.},
  year         = 2011,
  title        = {{Guided Data Repair}},
  journal =  {PVLDB},
  volume = {4},
  number = {5},
  pages = {279--289},
}
@inproceedings{Yates10,
  author       = {Jon Yates},
  year         = 2005,
  url          = {http://articles.chicagotribune.com/2010-12-02/business/ct-biz-1202-problem-mcshane-20101202_1_prudential-employee-albuterol-nebulizer-funeral-procession},
  title        = {Data entry error wipes out life insurance coverage},
  booktitle    = {Chicago Tribune},
}
@inproceedings{abouzied2012dataplay,
  author       = {Abouzied, A. and Hellerstein, J. and Silberschatz,
    A.},
    pages     = {207--218},
  	year         = 2012,
  	title        = {{DataPlay}: interactive tweaking and example-driven
    correction of graphical database queries},
    booktitle    = {UIST},
}

@article{achterberg2009scip,
  title={{SCIP}: solving constraint integer programs},
  author={Achterberg, Tobias},
  journal={Mathematical Programming Computation},
  volume={1},
  number={1},
  pages={1--41},
  year={2009},
}
@article{atamturk2005integer,
  author       = {Atamt{\"u}rk, Alper and Savelsbergh, Martin WP},
  volume={140},
  number={1},
  pages={67--124},
  year         = 2005,
  hidepublisher    = {Springer},
  title        = {Integer-programming software systems},
  journal={Annals of Operations Research},
}

@article{cleaningbenchmark,
  author       = {Abedjan, Ziawasch and Chu, Xu and Deng, Dong and
  Fernandez, Raul Castro and Ilyas, Ihab F. and Ouzzani, Mourad and
  Papotti, Paolo and Stonebraker, Michael and Tang, Nan},
  volume = {9},
  number = {12},
  year = {2016},
  issn = {2150-8097},
  pages = {993--1004},
  title = {Detecting Data Errors: Where are we and what needs to be done?},
  journal = {PVLDB},
}
@inproceedings{dallachiesa2013nadeef,
  author       = {Dallachiesa, Michele and Ebaid, Amr and Eldawy,
    Ahmed and Elmagarmid, Ahmed and Ilyas, Ihab F and Ouzzani, Mourad
    and Tang, Nan},
  year         = 2013,
  title        = {{NADEEF: A Commodity Data Cleaning System}},
  booktitle    = {SIGMOD},
  pages = {541--552},
}

@article{danna2005exploring,
  author       = {Danna, Emilie and Rothberg, Edward and Le Pape,
    Claude},
  year         = 2005,
  hidepublisher    = {Springer},
  title        = {Exploring relaxation induced neighborhoods to improve {MIP} solutions},
  journal    = {Mathematical Programming},
  volume={102},
  number={1},
  pages={71--90},
}
@inproceedings{dimitriadou2014explore,
  author       = {Dimitriadou, Kyriaki and Papaemmanouil, Olga and
    Diao, Yanlei},
  year         = 2014,
  title        = {Explore-by-Example: An Automatic Query Steering
    Framework for Interactive Data Exploration},
  booktitle    = {SIGMOD},
}
@inproceedings{eckerson2002,
  author       = {Eckerson, Wayne W},
  year         = 2002,
  title        = {Data quality and the bottom line},
  booktitle    = {TDWI Report},
}
@inproceedings{entezari2009comparison,
  author       = {Entezari-Maleki, Reza and Rezaei, Arash and
    Minaei-Bidgoli, Behrouz},
  year         = 2009,
  publisher    = {Citeseer},
  title        = {Comparison of classification methods based on the
    type of attributes and sample size},
  booktitle    = {Journal of Convergence Information Technology},
}
@article{galar2012review,
  author       = {Galar, Mikel and Fernandez, Alberto and Barrenechea,
    Edurne and Bustince, Humberto and Herrera, Francisco},
  year         = 2012,
  publisher    = {IEEE},
  title        = {{A Review on Ensembles for the Class Imbalance Problem: Bagging-, Boosting-, and Hybrid-Based Approaches}},
  journal={IEEE Transactions on Systems, Man, and Cybernetics, Part C (Applications and Reviews)}, 
  volume={42}, 
  number={4}, 
  pages={463-484}, 
}
@article{haasclamshell,
  author       = {Haas, Daniel and Wang, Jiannan and Wu, Eugene and
    Franklin, Michael J.},
  year         = 2015,
  title        = {{CLAMShell: Speeding Up Crowds for Low-latency Data
    Labeling}},
  journal = {PVLDB},
  volume = {9},
  number = {4},
  pages = {372--383},
}
@article{he2009learning,
  author       = {He, Haibo and Garcia, Edwardo A},
  year         = 2009,
  publisher    = {IEEE},
  title        = {{Learning from Imbalanced Data}},
  journal    = {TKDE},
  volume = {21},
  number = {9},
  pages = {1263--1284},
}
@inproceedings{kandel2012,
  author       = {Sean Kandel and Andreas Paepcke and Joseph M.
    Hellerstein and Jeffrey Heer},
  year         = 2012,
  url          = {http://doi.ieeecomputersociety.org/10.1109/TVCG.2012.219},
  title        = {Enterprise Data Analysis and Visualization: An
    Interview Study},
  booktitle    = {TVCG},
  pages = {2917--2926},
}
@inproceedings{krishnan2016hilda,
  author       = {Sanjay Krishnan and Daniel Haas and Michael J.
    Franklin and Eugene Wu},
  year         = 2016,
  title        = {Towards Reliable Interactive Data Cleaning: A User
    Survey and Recommendations},
  booktitle    = {HILDA},
  pages = {9:1--9:5},
}
@article{ltm2012,
  author       = {Zhao, Bo and Rubinstein, Benjamin I. P. and Gemmell,
    Jim and Han, Jiawei},
  year         = 2012,
  url          = {http://dl.acm.org/citation.cfm?id=2168651.2168656},
  title        = {{A Bayesian Approach to Discovering Truth from
    Conflicting Sources for Data Integration}},
  journal = {PVLDB},
  volume = {5},
  number = {6},
  pages = {550--561},
}
@inproceedings{meindl2012analysis,
  author       = {Meindl, Bernhard and Templ, Matthias},
  year         = 2012,
  title        = {Analysis of commercial and free and open source
    solvers for linear optimization problems},
  booktitle    = {Eurostat},
}
@inproceedings{meliou2011tracing,
  author       = {Meliou, Alexandra and Gatterbauer, Wolfgang and
    Nath, Suman and Suciu, Dan},
  year         = 2011,
  title        = {Tracing data errors with view-conditioned causality},
  booktitle    = {SIGMOD},
  pages = {505--516},
}
@inproceedings{mucslu2013data,
  author       = {Mu{\c{s}}lu, K{\i}van{\c{c}} and Brun, Yuriy and
    Meliou, Alexandra},
  year         = 2013,
  title        = {Data debugging with continuous testing},
  booktitle    = {SIGMOD},
}
@article{oltpbench,
  author       = {Difallah, Djellel Eddine and Pavlo, Andrew and
    Curino, Carlo and Cudre-Mauroux, Philippe},
  year         = 2013,
  url          = {http://dx.doi.org/10.14778/2732240.2732246},
  title        = {{OLTP-Bench: An Extensible Testbed for Benchmarking Relational Databases}},
  journal = {PVLDB},
  volume = {7},
  number = {4},
  pages = {277--288},
}

@inproceedings{qfixarxiv,
  author       = {Wang, Xiaolan and Meliou, Alexandra and Wu, Eugene},
  year         = 2016,
  title        = {{QFix}: Diagnosing errors through query histories},
  booktitle    = {CoRR},
}
@article{quesada1992lp,
  author       = {Quesada, Ignacio and Grossmann, Ignacio E},
  year         = 1992,
  hidepublisher    = {Elsevier},
  title        = {An {LP/NLP} based branch and bound algorithm for
    convex {MINLP} optimization problems},
  journal = {Computers \& Chemical Engineering},
  volume = {16},
  number={10-11},
  pages = {937--947},
}
@article{quinlan1987,
  author       = {Quinlan, J. Ross},
  year         = 1987,
  hidepublisher    = {Elsevier},
  title        = {Simplifying decision trees},
  journal    = {International journal of man-machine studies},
  volume={27},
  number={3},
  pages={221--234},
}
@article{rahm00,
  author       = {Rahm, Erhard and Hong Hai Do.},
  title        = {Data cleaning: Problems and current approaches},
  journal={IEEE Data Eng. Bull.},
  volume={23},
  number={4},
  pages={3--13},
  year={2000}
}
@article{rothberg2007evolutionary,
  author       = {Rothberg, Edward},
  year         = 2007,
  hidepublisher    = {INFORMS},
  title        = {An evolutionary algorithm for polishing mixed
    integer programming solutions},
  journal = {INFORMS J. on Computing},
  volume = {19},
  number = {4},
  pages = {534--541},
}
@inproceedings{roy2014formal,
  author       = {Roy, Sudeepa and Suciu, Dan},
  year         = 2014,
  title        = {{A Formal Approach to Finding Explanations for Database Queries}},
  booktitle    = {SIGMOD},
  pages = {1579--1590},
}
@article{sakalerrors,
  author       = {Marton Sakal and Lazar Rakovi{\'{c}}},
  year         = 2012,
  title        = {{Errors in Building and Using Electronic Tables:
    Financial Consequences and Minimisation Techniques}},
  journal    = {Strategic Management},
  volume = {17},
  number = {3},
  pages = {29--35},
}
@article{savelsbergh1994preprocessing,
  author       = {Savelsbergh, Martin WP},
  year         = 1994,
  publisher    = {INFORMS},
  title        = {Preprocessing and probing techniques for mixed
    integer programming problems},
  journal    = {ORSA Journal on Computing},
  volume = {6},
  number = {4},
  pages = {445-454},
}
@article{stubbs1999branch,
  author       = {Stubbs, Robert A and Mehrotra, Sanjay},
  year         = 1999,
  hidepublisher    = {Springer},
  title        = {A branch-and-cut method for 0-1 mixed convex
    programming},
  journal={Mathematical programming},
  volume={86},
  number={3},
  pages={515--532},
}
@inproceedings{tenCate2015,
  author       = {ten Cate, Balder and Civili, Cristina and
    Sherkhonov, Evgeny and Tan, Wang Chiew},
  year         = 2015,
  title        = {{High-Level Why-Not Explanations using Ontologies}},
  booktitle    = {PODS},
  pages = {31--43},
}
@inproceedings{tiresias,
  author       = {Meliou, Alexandra and Suciu, Dan},
  year         = 2012,
  url          = {http://doi.acm.org/10.1145/2213836.2213875},
  title        = {{Tiresias: The Database Oracle for How-to Queries}},
  booktitle    = {SIGMOD},
  pages = {337--348},
}
@inproceedings{tran2010conquer,
  author       = {Tran, Quoc Trung and Chan, Chee-Yong},
  year         = 2010,
  title        = {{How to ConQueR Why-not Questions}},
  booktitle    = {SIGMOD},
  pages = {15--26},
}
@inproceedings{tzompanaki14semi,
  author       = {Tzompanaki, Katerina and Bidoit, Nicole and
    Herschel, Melanie},
  year         = 2014,
  title        = {Semi-automatic {SQL} Debugging and Fixing to solve
    the Missing-Answers Problem},
  booktitle    = {VLDB PhD Workshop},
}
@inproceedings{wang2015,
  author       = {Wang, Xiaolan and Dong, Xin Luna and Meliou,
    Alexandra},
  year         = 2015,
  title        = {{Data X-Ray}: A diagnostic tool for data errors},
  booktitle    = {SIGMOD},
  pages={1231--1245},
}
@inproceedings{yago2,
  author       = {J. Hoffart and F. M. Suchanek and K. Berberich and
    G. Weikum},
  year         = 2012,
  url          = {http://www.mpi-inf.mpg.de/yago-naga/yago/publications/aij.pdf},
  title        = {{YAGO2: A Spatially and Temporally Enhanced
    Knowledge Base from Wikipedia}},
  booktitle    = {aij},
}
@article{yin2008truth,
  author       = {Yin, Xiaoxin and Han, Jiawei and Yu, Philip S.},
  year         = 2008,
  url          = {http://doi.acm.org/10.1145/1281192.1281309},
  title        = {{Truth Discovery with Multiple Conflicting
    Information Providers on the Web}},
  journal =  {TKDE},
  volume = {20},
  number = {6},
  pages = {796--808},
}
@article{zloof1977query,
  author       = {Zloof, Moshe M.},
  year         = 1977,
  title        = {Query-by-example: A data base language},
  journal={IBM systems Journal},
  volume={16},
  number={4},
  pages={324--343},
} 





@misc{powercompany,
title = {City of Buffalo overcharged \$1 million by power company},
key = {City of Buffalo overcharged \$1 million by power company},
howpublished = {\url{http://www.buffalonews.com/business/city-of-buffalo-overcharged-1-million-by-power-company-20160209}},
}

@misc{mosby,
title = {Marilyn Mosby's Office Got Two Names Wrong When Filing Charges },
key= { Marilyn Mosby's Office Got Two Names Wrong When Filing Charges},
howpublished={\url{http://www.mediaite.com/tv/marilyn-mosbys-office-got-two-names-wrong-when-filing-charges-cnn-panel-piles-on/}},
}

@misc{bostonpolice,
title = {Boston Police to Update Traffic Stop Database},
key={Boston Police to Update Traffic Stop Database},
howpublished = {\url{http://www.govtech.com/public-safety/Boston-Police-to-Update-Traffic-Stop-Database.html}},
}
@misc{twinfalls,
  title={Accounting Mistake Could Mean New Tax Bills for Twin Falls County },
  key={Accounting Mistake Could Mean New Tax Bills for Twin Falls County },
  howpublished = {\url{http://magicvalley.com/news/local/accounting-mistake-could-mean-new-tax-bills-for-twin-falls/article_24904ffe-003d-51d0-b536-60d9210e2116.html}},
}
@misc{cra,
  title={How to object to a {CRA} notice of assessment },
  key={How to object to a CRA notice of assessment },
  howpublished = {\url{http://www.newsoptimist.ca/opinion/columnists/how-to-object-to-a-cra-notice-of-assessment-1.2280680}}
}


@misc{citibank,
title = {Stock Selloff May Have Been Triggered by a Trader Error},
key = {Stock Selloff May Have Been Triggered by a Trader Error},
howpublished = {\url{http://www.cnbc.com/id/36999483}},
}

@misc{sap,
title={Manage the modern workforce with our {HCM} software},
key={Manage the modern workforce with our HCM software},
howpublished={\url{http://go.sap.com/solution/lob/human-resources-hcm.html}},
}

@misc{salesforce,
title={Salesforce},
key={Salesforce},
howpublished={\url{https://www.salesforce.com/}},
}

@misc{betterment,
title={Betterment},
key={Betterment},
howpublished={\url{https://www.betterment.com/}},
}

@misc{chase,
title={Chase Online Banking},
howpublished={\url{https://www.chase.com/online/digital/online-banking.html}},
key={Chase Online Banking},
}


@misc{dmv,
title={California Department of Motor Vehicles},
howpublished={\url{https://www.dmv.ca.gov}},
key = {California Department of Motor Vehicles},
}

@misc{dmvsystem,
title={Annual Report of the California {DUI} Management Information System},
howpublished={\url{https://www.dmv.ca.gov/portal/wcm/connect/ea06d0a4-a73f-4b2d-b6f1-257029275629/S5-246.pdf?CACHEID=ea06d0a4-a73f-4b2d-b6f1-257029275629}},
year={2014},
key = {Annual Report of the California DUI Management Information System},
}


@misc{iquantnyc,
title={{I Quant NY}},
howpublished={\url{http://iquantny.tumblr.com/}},
key = {I Quant NY},
}


@misc{iquantnycnypd,
title={Open Data Reveals \$791 Million Error in Newly Adopted {NYC} Budget},
year={2016},
howpublished={\url{http://iquantny.tumblr.com/post/147446103684/open-data-reveals-791-million-error-in-newly}},
key = {Open Data Reveals \$791 Million Error in Newly Adopted NYC Budget},
}


@misc{reutersmanagement,
title={New Systems for Government Revenue Management},
howpublished={\url{https://tax.thomsonreuters.com/new-systems-for-government-revenue-management}},
key = {New Systems for Government Revenue Management},
}

@misc{nyt-tax-article,
title={Tax Error in Health Act Has Impact on 800,000},
howpublished={\url{http://www.nytimes.com/2015/02/21/us/incorrect-tax-information-health-insurance.html}},
year={2015},
key = {Tax Error in Health Act Has Impact on 800,000}
}

@misc{tatp,
  title={TATP Benchmark Description (Version 1.0)},
  author={Wolski, A},
  year={2009}
}
@misc{cplex2014v12,
  title={High-performance software for mathematical programming and optimization},
  author={CPLEX, ILOG},
  year={2005}
}
@misc{tpcc,
  title={Benchmark {C}: Standard Specification (Revision 5.11.0)},
  author={The Transaction Processing Council},
  year={2010}
}
@book{Sawik2011,
  title={{Scheduling in Supply Chains Using Mixed Integer Programming}},
  author={Tadeusz Sawik},
  year={2011},
  publisher={John Wiley \& Sons},
}

@book{bazaraa2011linear,
 author = {Bazaraa, Mokhtar S. and Jarvis, John J. and Sherali, Hanif D.},
 title = {{Linear Programming and Network Flows}},
 year = {2004},
 isbn = {0471485993},
 publisher = {John Wiley \& Sons},
} 

@techreport{gearhart2013comparison,
  title={Comparison of open-source linear programming solvers.},
  author={Gearhart, Jared Lee and Adair, Kristin Lynn and Detry, Richard J and Durfee, Justin D and Jones, Katherine A and Martin, Nathaniel},
  year={2013},
  institution={Sandia National Laboratories}
}